@article{orangeye2009玩转,
  title={玩转Windows和Ubuntu双系统引导},
  author={orangeye},
  journal={网友世界},
  number={15},
  pages={1},
  year={2009},
}

@article{李海涛2008基于,
  title={基于Linux系统的安全策略},
  author={李海涛},
  journal={商场现代化},
  number={20},
  pages={2},
  year={2008},
}

@book{1989The,
  title={The Mandelbrot set},
  author={ Branner, B. },
  publisher={Chaos and Fractals: The Mathematics Behind the Computer Graphics},
  pages={3},
  year={1989},
}

@article{1998The,
  title={The Mandelbrot set is universal},
  author={ Mcmullen, C. T. },
  journal={mandelbrot set theme & variations},
  pages={4},
  year={1998},
}

@book{王伊蕾2015LaTeX,
  title={LaTeX科技论文写作简明教程},
  author={王伊蕾 and 李涛},
  publisher={LaTeX科技论文写作简明教程},
  pages={5},
  year={2015},
}
