@article{orangeye2009玩转,
  title={玩转Windows和Ubuntu双系统引导},
  author={orangeye},
  journal={网友世界},
  number={15},
  pages={1},
  year={2009},
}

@article{李海涛2008基于,
  title={基于Linux系统的安全策略},
  author={李海涛},
  journal={商场现代化},
  number={20},
  pages={2},
  year={2008},
}